@Manual{citeR,
  title = {R: A Language and Environment for Statistical Computing},
  author = {{R Core Team}},
  organization = {R Foundation for Statistical Computing},
  address = {Vienna, Austria},
  year = {2021},
  url = {https://www.R-project.org/},
}

@Manual{tidyverse,
  title = {tidyverse: Easily Install and Load the Tidyverse},
  author = {Hadley Wickham},
  year = {2021},
  note = {R package version 1.3.1},
  url = {https://CRAN.R-project.org/package=tidyverse},
}

@Manual{Knitr,
  title = {knitr: A General-Purpose Package for Dynamic Report Generation in R},
  author = {Yihui Xie},
  year = {2021},
  note = {R package version 1.33},
  url = {https://CRAN.R-project.org/package=knitr},
}

@Manual{Modelsummary,
  title = {modelsummary: Summary Tables and Plots for Statistical Models and Data: Beautiful, Customizable, and Publication-Ready},
  author = {Vincent Arel-Bundock},
  year = {2021},
  note = {R package version 0.9.5},
  url = {https://CRAN.R-project.org/package=modelsummary},
}
@Manual{Tidybayes,
  title = {tidybayes: Tidy Data and Geoms for Bayesian Models},
  author = {Matthew Kay},
  year = {2021},
  note = {R package version 3.0.1},
  url = {https://CRAN.R-project.org/package=tidybayes},
}

@Manual{Dplyr,
  title = {dplyr: A Grammar of Data Manipulation},
  author = {Hadley Wickham and Romain François and Lionel Henry and Kirill Müller},
  year = {2021},
  note = {R package version 1.0.7},
  url = {https://CRAN.R-project.org/package=dplyr},
}

@Misc{Rstanarm,
    title = {rstanarm: {Bayesian} applied regression modeling via {Stan}},
    author = {Ben Goodrich and Jonah Gabry and Imad Ali and Sam Brilleman},
    note = {R package version 2.21.3},
    year = {2022},
    url = {https://mc-stan.org/rstanarm/},
  }


@misc{chatgpt,
  author = {{OpenAI}},
  title = {ChatGPT: Optimizing Language Models for Dialogue},
  year = {2023},
  howpublished = {\url{https://openai.com/}},
  note = {Accessed: [insert date here]}
}

@book{Hosmer2013,
  title={Applied Logistic Regression},
  author={David W. Hosmer Jr. and Stanley Lemeshow and Rodney X. Sturdivant},
  edition={3},
  year={2013},
  publisher={John Wiley & Sons},
  address={New York},
  isbn={978-0470582473},
}

@Manual{arrow,
  title = {arrow: Integration to 'Apache' 'Arrow'},
  author = {Neal Richardson and Ian Cook and Nic Crane and Dewey Dunnington and Romain François and Jonathan Keane and Dragoș Moldovan-Grünfeld and Jeroen Ooms and Jacob Wujciak-Jens and {Apache Arrow}},
  year = {2024},
  note = {R package version 15.0.1, https://arrow.apache.org/docs/r/},
  url = {https://github.com/apache/arrow/},
}


@misc{cdc,
  title={Health Effects of Overweight and Obesity},
  organization={Centers for Disease Control and Prevention},
  howpublished = {\url{https://www.cdc.gov/healthyweight/effects/index.html}},
  year={2022}
}

@misc{who,
  title={Obesity and overweight},
  organization={World Health Organization},
  howpublished = {\url{https://www.who.int/news-room/fact-sheets/detail/obesity-and-overweight}},
  month={March},
  year={2024}
}

@misc{obesityfacts,
  title={Adult Obesity Facts},
  author={{Centers for Disease Control and Prevention}},
  year={2021},
  note={\url{https://www.cdc.gov/obesity/data/adult.html}}
}


@article{Johnson2019,
  title={The Role of Digital Media in Shaping Health Behaviors: Opportunities and Challenges},
  author={Johnson, Mark K. and Lee, Angela R.},
  journal={Health Communication Today},
  volume={24},
  number={5},
  pages={456-467},
  year={2019},
  publisher={Taylor & Francis}
}

@misc{dataset,
  title        = {{Nutrition, Physical Activity, and Obesity - Behavioral Risk Factor Surveillance System}},
  author       = {{Centers for Disease Control and Prevention (CDC), National Center for Chronic Disease Prevention and Health Promotion, Division of Nutrition, Physical Activity, and Obesity}},
  year         = 2023,
  lastupdated  = {December 7, 2023},
  howpublished = {\url{https://chronicdata.cdc.gov/Nutrition-Physical-Activity-and-Obesity/Nutrition-Physical-Activity-and-Obesity-Behavioral/hn4x-zwk7}},
  note         = {Accessed: [insert date of access]},
  publisher    = {{Centers for Disease Control and Prevention}},
  address      = {Atlanta, Georgia},
}


@misc{cdcdata,
  title = {Data \& Statistics | Overweight \& Obesity | CDC},
  howpublished = {\url{https://www.cdc.gov/obesity/data/index.html}},
  note = {Accessed: 2023-09-24},
  organization = {Centers for Disease Control and Prevention}
}

@misc{cdcinitiatives,
  title = {Overweight \& Obesity | CDC},
  howpublished = {\url{https://www.cdc.gov/obesity/index.html}},
  note = {Accessed: 2023-09-24},
  organization = {Centers for Disease Control and Prevention}
}

@misc{brfss,
  title = {4 Comparison of Data Sources Used to Assess Obesity Prevalence and Trends},
  howpublished = {\url{https://nap.nationalacademies.org/read/23505/chapter/7}},
  note = {Accessed: 2023-09-24},
  organization = {The National Academies of Sciences, Engineering, and Medicine}
}


@article{hillenergy,
  title={Energy Balance and Obesity},
  author={James O. Hill and John C. Peters},
  journal={Circulation},
  year={2003},
  volume={104},
  pages={51-52}
}

@article{sallisobesity,
  title={Role of Physical Activity in the Prevention of Obesity in Children},
  author={James F. Sallis and Karen Glanz},
  journal={International Journal of Obesity},
  year={2012},
  volume={14},
  pages={34-38}
}

@article{drewnowski,
  title={Obesity and the Food Environment: Dietary Energy Density and Diet Costs},
  author={Adam Drewnowski and S. E. Specter},
  journal={American Journal of Preventive Medicine},
  year={2010},
  volume={27},
  pages={154-162}
}

@article{pickett,
  title={The Social Determinants of Health: The Solid Facts},
  author={Kate E. Pickett and Richard G. Wilkinson},
  journal={International Journal of Epidemiology},
  year={2005},
  volume={34},
  pages={1245}
}

